<?xml version="1.0" encoding="UTF-8"?><collection xmlns="http://www.loc.gov/MARC21/slim"><record><leader>00361nam--2200109-i-4500</leader><controlfield tag="001">000029255</controlfield><controlfield tag="002">20161230</controlfield><controlfield tag="005">20161230201037</controlfield><controlfield tag="008">060222s1000------------r-----000-0-eng-d</controlfield><datafield ind1=" " ind2=" " tag="245"><subfield code="a">Kunstliche radioaktive isotope in physiologie, diagnostik und therapie.redigiert von h.schwiegk.mit 294 abbildungen</subfield></datafield><datafield ind1=" " ind2=" " tag="260"><subfield code="a">Berlin, Springer-verlag, 1953. Xvi + 842p</subfield></datafield><datafield ind1=" " ind2=" " tag="852"><subfield code="a">10031</subfield></datafield></record></collection>